<record><leader>00000cas a22000007a 4500</leader><controlfield tag="001">22929747</controlfield><controlfield tag="008">910107d19231934maudn ne      0    0eng d</controlfield><datafield ind1=" " ind2=" " tag="010"><subfield code="a">sn 89063423 </subfield></datafield><datafield ind1=" " ind2=" " tag="040"><subfield code="a">MGN</subfield><subfield code="b">eng</subfield><subfield code="c">MGN</subfield><subfield code="d">OCLCQ</subfield></datafield><datafield ind1=" " ind2=" " tag="042"><subfield code="a">msc</subfield></datafield><datafield ind1="0" ind2=" " tag="130"><subfield code="a">Webster evening times (Webster, Mass. : 1923)</subfield></datafield><datafield ind1="1" ind2="0" tag="245"><subfield code="a">Webster evening times.</subfield></datafield><datafield ind1=" " ind2=" " tag="260"><subfield code="a">Webster, Mass. :</subfield><subfield code="b">Times Pub. Co.</subfield></datafield><datafield ind1=" " ind2=" " tag="300"><subfield code="a">v.</subfield></datafield><datafield ind1=" " ind2=" " tag="310"><subfield code="a">Daily (except Sun.)</subfield></datafield><datafield ind1="0" ind2=" " tag="362"><subfield code="a">Vol. 1, no. 1 (Oct. 1, 1923)-v. 11, no. 87 (Jan. 13, 1934).</subfield></datafield><datafield ind1=" " ind2=" " tag="580"><subfield code="a">Weekly ed.: Webster times (Webster, Mass. : 1904), 1923-1924.</subfield></datafield><datafield ind1=" " ind2=" " tag="752"><subfield code="a">United States</subfield><subfield code="b">Massachusetts</subfield><subfield code="c">Worcester</subfield><subfield code="d">Webster.</subfield></datafield><datafield ind1="1" ind2=" " tag="775"><subfield code="t">Webster times (Webster, Mass. : 1904)</subfield><subfield code="w">(DLC)sn 89063422</subfield></datafield><datafield ind1="0" ind2="0" tag="785"><subfield code="t">Webster times (Webster, Mass. : 1934)</subfield><subfield code="w">(DLC)sn 89063425</subfield></datafield></record>